<?xml version="1.0" encoding="UTF-8"?><record xmlns="http://www.loc.gov/MARC21/slim" xmlns:cinclude="http://apache.org/cocoon/include/1.0" xmlns:zs="http://www.loc.gov/zing/srw/">
  <leader>00341cz  a2200121n  4500</leader>
  <controlfield tag="001">n  88219507 </controlfield>
  <controlfield tag="003">DLC</controlfield>
  <controlfield tag="005">19891016130735.2</controlfield>
  <controlfield tag="008">890905n| acannaab|          |n aaa |||  </controlfield>
  <datafield tag="010" ind1=" " ind2=" ">
    <subfield code="a">n  88219507 </subfield>
  </datafield>
  <datafield tag="040" ind1=" " ind2=" ">
    <subfield code="a">DLC</subfield>
    <subfield code="c">DLC</subfield>
    <subfield code="d">DLC</subfield>
  </datafield>
  <datafield tag="100" ind1="1" ind2="0">
    <subfield code="a">Seppings, Katherine</subfield>
  </datafield>
  <datafield tag="670" ind1=" " ind2=" ">
    <subfield code="a">Her Fireplaces for a beautiful home, 1990, c1989:</subfield>
    <subfield code="b">CIP t.p. (Katherine Seppings)</subfield>
  </datafield>
</record>